@article{servan2018coexistence,
  title={Coexistence of many species in random ecosystems},
  author={Serv{\'a}n, Carlos A and Capit{\'a}n, Jos{\'e} A and Grilli, Jacopo and Morrison, Kent E and Allesina, Stefano},
  journal={Nature ecology \& evolution},
  volume={2},
  number={8},
  pages={1237--1242},
  year={2018},
  publisher={Nature Publishing Group}
}

@article{pettersson2020stability,
  title={Stability of ecosystems enhanced by species-interaction constraints},
  author={Pettersson, Susanne and Savage, Van M and Jacobi, Martin Nilsson},
  journal={Physical Review E},
  volume={102},
  number={6},
  pages={062405},
  year={2020},
  publisher={APS}
}

@article{saavedra2017structural,
  title={A structural approach for understanding multispecies coexistence},
  author={Saavedra, Serguei and Rohr, Rudolf P and Bascompte, Jordi and Godoy, Oscar and Kraft, Nathan JB and Levine, Jonathan M},
  journal={Ecological Monographs},
  volume={87},
  number={3},
  pages={470--486},
  year={2017},
  publisher={Wiley Online Library}
}

@article{saavedra2021feasibility,
  title={Feasibility conditions of ecological models: Unfolding links between model parameters},
  author={Saavedra, Serguei and AlAdwani, Mohammad},
  journal={bioRxiv},
  year={2021},
  publisher={Cold Spring Harbor Laboratory}
}

@book{horn2012matrix,
  title={Matrix analysis},
  author={Horn, Roger A and Johnson, Charles R},
  year={2012},
  publisher={Cambridge University Press}
}

@book{arfken1985mathematical,
  title={Mathematical methods for physicists},
  author={Arfken, George},
  year={1985},
  publisher={Academic Press}
}

@article{kulmatiski2008plant,
  title={Plant--soil feedbacks: a meta-analytical review},
  author={Kulmatiski, Andrew and Beard, Karen H and Stevens, John R and Cobbold, Stephanie M},
  journal={Ecology letters},
  volume={11},
  number={9},
  pages={980--992},
  year={2008},
  publisher={Wiley Online Library}
}

@article{bever1997incorporating,
  title={Incorporating the soil community into plant population dynamics: the utility of the feedback approach},
  author={Bever, James D and Westover, Kristi M and Antonovics, Janis},
  journal={Journal of Ecology},
  pages={561--573},
  year={1997},
  publisher={JSTOR}
}

@article{eppinga2018frequency,
  title={Frequency-dependent feedback constrains plant community coexistence},
  author={Eppinga, Maarten B and Baudena, Mara and Johnson, Daniel J and Jiang, Jiang and Mack, Keenan ML and Strand, Allan E and Bever, James D},
  journal={Nature Ecology \& Evolution},
  volume={2},
  number={9},
  pages={1403--1407},
  year={2018},
  publisher={Nature Publishing Group}
}

@article{hofbauer1996evolutionary,
  title={Evolutionary dynamics for bimatrix games: A Hamiltonian system?},
  author={Hofbauer, Josef},
  journal={Journal of mathematical biology},
  volume={34},
  number={5},
  pages={675--688},
  year={1996},
  publisher={Springer}
}

@book{hofbauer1998evolutionary,
  title={Evolutionary games and population dynamics},
  author={Hofbauer, Josef and Sigmund, Karl},
  year={1998},
  publisher={Cambridge university press}
}

@article{mack2019plant,
  title={Plant-soil feedbacks promote coexistence and resilience in multi-species communities},
  author={Mack, Keenan ML and Eppinga, Maarten B and Bever, James D},
  journal={Plos one},
  volume={14},
  number={2},
  pages={e0211572},
  year={2019},
  publisher={Public Library of Science San Francisco, CA USA}
}

@article{eshel1983coevolutionary,
  title={Coevolutionary instability of mixed Nash solutions},
  author={Eshel, Ilan and Akin, Ethan and others},
  journal={J. Math. Biol},
  volume={18},
  number={2},
  pages={123--133},
  year={1983}
}

@incollection{hofbauer2011deterministic,
  title={Deterministic evolutionary game dynamics},
  author={Hofbauer, Josef},
  booktitle={Evolutionary Game Dynamics},
  volume={69},
  pages={61--79},
  year={2011},
  publisher={American Mathematical Society Providence, RI}
}
