@article{eppinga2006accumulation,
  title={Accumulation of local pathogens: a new hypothesis to explain exotic plant invasions},
  author={Eppinga, Maarten B and Rietkerk, Max and Dekker, Stefan C and De Ruiter, Peter C and Van der Putten, Wim H},
  journal={Oikos},
  volume={114},
  number={1},
  pages={168--176},
  year={2006},
  publisher={Wiley Online Library}
}

@article{ke2020effects,
  title={Effects of soil microbes on plant competition: A perspective from modern coexistence theory},
  author={Ke, Po-Ju and Wan, Joe},
  journal={Ecological Monographs},
  volume={90},
  number={1},
  pages={e01391},
  year={2020},
  publisher={Wiley Online Library}
}

@article{bever2015maintenance,
  title={Maintenance of plant species diversity by pathogens},
  author={Bever, James D and Mangan, Scott A and Alexander, Helen M},
  journal={Annual review of ecology, evolution, and systematics},
  volume={46},
  pages={305--325},
  year={2015},
  publisher={Annual Reviews}
}

@article{pendergast2013belowground,
  title={Belowground biotic complexity drives aboveground dynamics: a test of the soil community feedback model},
  author={Pendergast IV, Thomas H and Burke, David J and Carson, Walter P},
  journal={New Phytologist},
  volume={197},
  number={4},
  pages={1300--1310},
  year={2013},
  publisher={Wiley Online Library}
}

@article{van2009empirical,
  title={Empirical and theoretical challenges in aboveground--belowground ecology},
  author={Van der Putten, Wim H and Bardgett, Richard D and De Ruiter, PC and Hol, WHG and Meyer, KM and Bezemer, TM and Bradford, MA and Christensen, S and Eppinga, MB and Fukami, T and others},
  journal={Oecologia},
  volume={161},
  number={1},
  pages={1--14},
  year={2009},
  publisher={Springer}
}

@article{bennett2019mechanisms,
  title={Mechanisms of plant--soil feedback: interactions among biotic and abiotic drivers},
  author={Bennett, Jonathan A and Klironomos, John},
  journal={New Phytologist},
  volume={222},
  number={1},
  pages={91--96},
  year={2019},
  publisher={Wiley Online Library}
}


@article{bever1994feedback,
  title={Feedback between plants and their soil communities in an old field community},
  author={Bever, James D},
  journal={Ecology},
  volume={75},
  number={7},
  pages={1965--1977},
  year={1994},
  publisher={Wiley Online Library}
}

@article{klironomos2002feedback,
  title={Feedback with soil biota contributes to plant rarity and invasiveness in communities},
  author={Klironomos, John N},
  journal={Nature},
  volume={417},
  number={6884},
  pages={67--70},
  year={2002},
  publisher={Nature Publishing Group}
}

@article{ke2015incorporating,
  title={Incorporating the soil environment and microbial community into plant competition theory},
  author={Ke, Po-Ju and Miki, Takeshi},
  journal={Frontiers in microbiology},
  volume={6},
  pages={1066},
  year={2015},
  publisher={Frontiers}
}

@article{molofsky2002negative,
  title={Negative frequency dependence and the importance of spatial scale},
  author={Molofsky, Jane and Bever, James D and Antonovics, Janis and Newman, Timothy J},
  journal={Ecology},
  volume={83},
  number={1},
  pages={21--27},
  year={2002},
  publisher={Wiley Online Library}
}

@article{petermann2008janzen,
  title={Janzen-Connell effects are widespread and strong enough to maintain diversity in grasslands},
  author={Petermann, Jana S and Fergus, Alexander JF and Turnbull, Lindsay A and Schmid, Bernhard},
  journal={Ecology},
  volume={89},
  number={9},
  pages={2399--2406},
  year={2008},
  publisher={Wiley Online Library}
}

@article{mangan2010negative,
  title={Negative plant--soil feedback predicts tree-species relative abundance in a tropical forest},
  author={Mangan, Scott A and Schnitzer, Stefan A and Herre, Edward A and Mack, Keenan ML and Valencia, Mariana C and Sanchez, Evelyn I and Bever, James D},
  journal={Nature},
  volume={466},
  number={7307},
  pages={752--755},
  year={2010},
  publisher={Nature Publishing Group}
}

@article{hutson1992permanence,
  title={Permanence and the dynamics of biological systems},
  author={Hutson, Vivian and Schmitt, Klaus},
  journal={Mathematical biosciences},
  volume={111},
  number={1},
  pages={1--71},
  year={1992},
  publisher={Elsevier}
}

@article{van1993plant,
  title={Plant-specific soil-borne diseases contribute to succession in foredune vegetation},
  author={Van der Putten, WH and Van Dijk, C and Peters, BAM},
  journal={Nature},
  volume={362},
  number={6415},
  pages={53--56},
  year={1993},
  publisher={Nature Publishing Group}
}

@article{kulmatiski2008plant,
  title={Plant--soil feedbacks: a meta-analytical review},
  author={Kulmatiski, Andrew and Beard, Karen H and Stevens, John R and Cobbold, Stephanie M},
  journal={Ecology letters},
  volume={11},
  number={9},
  pages={980--992},
  year={2008},
  publisher={Wiley Online Library}
}

@article{bever2010rooting,
  title={Rooting theories of plant community ecology in microbial interactions},
  author={Bever, James D and Dickie, Ian A and Facelli, Evelina and Facelli, Jose M and Klironomos, John and Moora, Mari and Rillig, Matthias C and Stock, William D and Tibbett, Mark and Zobel, Martin},
  journal={Trends in ecology \& evolution},
  volume={25},
  number={8},
  pages={468--478},
  year={2010},
  publisher={Elsevier}
}

@article{eppstein2007invasiveness,
  title={Invasiveness in plant communities with feedbacks},
  author={Eppstein, Margaret J and Molofsky, Jane},
  journal={Ecology Letters},
  volume={10},
  number={4},
  pages={253--263},
  year={2007},
  publisher={Wiley Online Library}
}

@article{hutson1990existence,
  title={The existence of an equilibrium for permanent systems},
  author={Hutson, V},
  journal={The Rocky Mountain Journal of Mathematics},
  pages={1033--1040},
  year={1990},
  publisher={JSTOR}
}

@article{van2013plant,
  title={Plant--soil feedbacks: the past, the present and future challenges},
  author={Van der Putten, Wim H and Bardgett, Richard D and Bever, James D and Bezemer, T Martijn and Casper, Brenda B and Fukami, Tadashi and Kardol, Paul and Klironomos, John N and Kulmatiski, Andrew and Schweitzer, Jennifer A and others},
  journal={Journal of Ecology},
  volume={101},
  number={2},
  pages={265--276},
  year={2013},
  publisher={Wiley Online Library}
}

@article{suding2013consequences,
  title={Consequences of plant--soil feedbacks in invasion},
  author={Suding, Katharine N and Stanley Harpole, William and Fukami, Tadashi and Kulmatiski, Andrew and MacDougall, Andrew S and Stein, Claudia and van der Putten, Wim H},
  journal={Journal of Ecology},
  volume={101},
  number={2},
  pages={298--308},
  year={2013},
  publisher={Wiley Online Library}
}

@article{bever1999dynamics,
  title={Dynamics within mutualism and the maintenance of diversity: inference from a model of interguild frequency dependence},
  author={Bever, JD},
  journal={Ecology Letters},
  volume={2},
  number={1},
  pages={52--61},
  year={1999},
  publisher={Wiley Online Library}
}

@article{bever1997incorporating,
  title={Incorporating the soil community into plant population dynamics: the utility of the feedback approach},
  author={Bever, James D and Westover, Kristi M and Antonovics, Janis},
  journal={Journal of Ecology},
  pages={561--573},
  year={1997},
  publisher={JSTOR}
}

@article{pernilla2010plant,
  title={Plant--soil feedback: experimental approaches, statistical analyses and ecological interpretations},
  author={Pernilla Brinkman, E and Van der Putten, Wim H and Bakker, Evert-Jan and Verhoeven, Koen JF},
  journal={Journal of Ecology},
  volume={98},
  number={5},
  pages={1063--1073},
  year={2010},
  publisher={Wiley Online Library}
}

@article{revilla2013plant,
  title={Plant--soil feedbacks and the coexistence of competing plants},
  author={Revilla, Tom{\'a}s A and Veen, GF Ciska and Eppinga, Maarten B and Weissing, Franz J},
  journal={Theoretical Ecology},
  volume={6},
  number={2},
  pages={99--113},
  year={2013},
  publisher={Springer}
}

@article{kuebbing2015plant,
  title={Plant--soil interactions promote co-occurrence of three nonnative woody shrubs},
  author={Kuebbing, Sara E and Classen, Aim{\'e}e T and Call, Jaime J and Henning, Jeremiah A and Simberloff, Daniel},
  journal={Ecology},
  volume={96},
  number={8},
  pages={2289--2299},
  year={2015},
  publisher={Wiley Online Library}
}

@article{kulmatiski2011testing,
  title={Testing predictions of a three-species plant--soil feedback model},
  author={Kulmatiski, Andrew and Heavilin, Justin and Beard, Karen H},
  journal={Journal of Ecology},
  volume={99},
  number={2},
  pages={542--550},
  year={2011},
  publisher={Wiley Online Library}
}

@article{kandlikar2019winning,
  title={Winning and losing with microbes: how microbially mediated fitness differences influence plant diversity},
  author={Kandlikar, Gaurav S and Johnson, Christopher A and Yan, Xinyi and Kraft, Nathan JB and Levine, Jonathan M},
  journal={Ecology letters},
  volume={22},
  number={8},
  pages={1178--1191},
  year={2019},
  publisher={Wiley Online Library}
}

@article{fitzsimons2010importance,
  title={The importance of soil microorganisms for maintaining diverse plant communities in tallgrass prairie},
  author={Fitzsimons, Michael S and Miller, R Michael},
  journal={American Journal of Botany},
  volume={97},
  number={12},
  pages={1937--1943},
  year={2010},
  publisher={Wiley Online Library}
}

@article{smith2015plant,
  title={Plant--soil feedbacks shift from negative to positive with decreasing light in forest understory species},
  author={Smith, Lauren M and Reynolds, Heather L},
  journal={Ecology},
  volume={96},
  number={9},
  pages={2523--2532},
  year={2015},
  publisher={Wiley Online Library}
}

@article{bauer2017effects,
  title={Effects of between-site variation in soil microbial communities and plant-soil feedbacks on the productivity and composition of plant communities},
  author={Bauer, Jonathan T and Blumenthal, Noah and Miller, Anna J and Ferguson, Julia K and Reynolds, Heather L},
  journal={Journal of Applied Ecology},
  volume={54},
  number={4},
  pages={1028--1039},
  year={2017},
  publisher={Wiley Online Library}
}

@article{bonanomi2005negative,
  title={Negative plant--soil feedback and species coexistence},
  author={Bonanomi, Giuliano and Giannino, Francesco and Mazzoleni, Stefano},
  journal={Oikos},
  volume={111},
  number={2},
  pages={311--321},
  year={2005},
  publisher={Wiley Online Library}
}

@article{levine2006plant,
  title={Plant--soil feedbacks and invasive spread},
  author={Levine, Jonathan M and Pachepsky, Elizaveta and Kendall, Bruce E and Yelenik, Stephanie G and Lambers, Janneke Hille Ris},
  journal={Ecology letters},
  volume={9},
  number={9},
  pages={1005--1014},
  year={2006},
  publisher={Wiley Online Library}
}

@article{umbanhowar2005simple,
  title={Simple rules for the coexistence and competitive dominance of plants mediated by mycorrhizal fungi},
  author={Umbanhowar, James and McCann, Kevin},
  journal={Ecology Letters},
  volume={8},
  number={3},
  pages={247--252},
  year={2005},
  publisher={Wiley Online Library}
}

@article{bever2003soil,
  title={Soil community feedback and the coexistence of competitors: conceptual frameworks and empirical tests},
  author={Bever, James D},
  journal={New phytologist},
  volume={157},
  number={3},
  pages={465--473},
  year={2003},
  publisher={Wiley Online Library}
}

@book{bever1992ecological,
  title={Ecological and evolutionary dynamics between plants and their soil community},
  author={Bever, James David},
  year={1992},
  publisher={Duke University}
}

@article{eppinga2018frequency,
  title={Frequency-dependent feedback constrains plant community coexistence},
  author={Eppinga, Maarten B and Baudena, Mara and Johnson, Daniel J and Jiang, Jiang and Mack, Keenan ML and Strand, Allan E and Bever, James D},
  journal={Nature Ecology \& Evolution},
  volume={2},
  number={9},
  pages={1403--1407},
  year={2018},
  publisher={Nature Publishing Group}
}

@article{adler2007niche,
  title={A niche for neutrality},
  author={Adler, Peter B and HilleRisLambers, Janneke and Levine, Jonathan M},
  journal={Ecology letters},
  volume={10},
  number={2},
  pages={95--104},
  year={2007},
  publisher={Wiley Online Library}
}

@article{mack2019plant,
  title={Plant-soil feedbacks promote coexistence and resilience in multi-species communities},
  author={Mack, Keenan ML and Eppinga, Maarten B and Bever, James D},
  journal={Plos one},
  volume={14},
  number={2},
  pages={e0211572},
  year={2019},
  publisher={Public Library of Science San Francisco, CA USA}
}

@article{smale1976differential,
  title={On the differential equations of species in competition},
  author={Smale, Steve},
  journal={Journal of Mathematical Biology},
  volume={3},
  number={1},
  pages={5--7},
  year={1976},
  publisher={Springer}
}

@article{strobeck1973n,
  title={N species competition},
  author={Strobeck, Curtis},
  journal={Ecology},
  volume={54},
  number={3},
  pages={650--654},
  year={1973},
  publisher={Wiley Online Library}
}

@article{barabas2016effect,
  title={The effect of intra-and interspecific competition on coexistence in multispecies communities},
  author={Barab{\'a}s, Gy{\"o}rgy and J. Michalska-Smith, Matthew and Allesina, Stefano},
  journal={The American Naturalist},
  volume={188},
  number={1},
  pages={E1--E12},
  year={2016},
  publisher={University of Chicago Press Chicago, IL}
}

@article{miller2021metapopulations,
  title={Metapopulations with habitat modification},
  author={Miller, Zachary R and Allesina, Stefano},
  journal={bioRxiv},
  year={2021},
  publisher={Cold Spring Harbor Laboratory}
}

@article{anderson1972more,
  title={More is different},
  author={Anderson, Philip W},
  journal={Science},
  volume={177},
  number={4047},
  pages={393--396},
  year={1972},
  publisher={JSTOR}
}

@incollection{selten1988note,
  title={A note on evolutionarily stable strategies in asymmetric animal conflicts},
  author={Selten, Reinhard},
  booktitle={Models of Strategic Rationality},
  pages={67--75},
  year={1988},
  publisher={Springer}
}

@article{eshel1983coevolutionary,
  title={Coevolutionary instability of mixed Nash solutions},
  author={Eshel, Ilan and Akin, Ethan and others},
  journal={J. Math. Biol},
  volume={18},
  number={2},
  pages={123--133},
  year={1983}
}

@article{taylor1979evolutionarily,
  title={Evolutionarily stable strategies with two types of player},
  author={Taylor, Peter D},
  journal={Journal of applied probability},
  volume={16},
  number={1},
  pages={76--83},
  year={1979},
  publisher={Cambridge University Press}
}

@article{hofbauer1996evolutionary,
  title={Evolutionary dynamics for bimatrix games: A Hamiltonian system?},
  author={Hofbauer, Josef},
  journal={Journal of mathematical biology},
  volume={34},
  number={5},
  pages={675--688},
  year={1996},
  publisher={Springer}
}

@incollection{hofbauer2011deterministic,
  title={Deterministic evolutionary game dynamics},
  author={Hofbauer, Josef},
  booktitle={Evolutionary Game Dynamics},
  volume={69},
  pages={61--79},
  year={2011},
  publisher={American Mathematical Society Providence, RI}
}

@book{hofbauer1998evolutionary,
  title={Evolutionary games and population dynamics},
  author={Hofbauer, Josef and Sigmund, Karl},
  year={1998},
  publisher={Cambridge university press}
}

@article{friedman1991evolutionary,
  title={Evolutionary games in economics},
  author={Friedman, Daniel},
  journal={Econometrica: Journal of the Econometric Society},
  pages={637--666},
  year={1991},
  publisher={JSTOR}
}

@article{cressman2014replicator,
  title={The replicator equation and other game dynamics},
  author={Cressman, Ross and Tao, Yi},
  journal={Proceedings of the National Academy of Sciences},
  volume={111},
  number={Supplement 3},
  pages={10810--10817},
  year={2014},
  publisher={National Acad Sciences}
}

@book{arfken1985mathematical,
  title={Mathematical methods for physicists},
  author={Arfken, George},
  year={1985},
  publisher={Academic Press}
}










